<record><leader>00000cas a22000007a 4500</leader><controlfield tag="001">39900599</controlfield><controlfield tag="008">980921d19751987vausr ne      0    0eng d</controlfield><datafield ind1=" " ind2=" " tag="010"><subfield code="a">sn 98068095 </subfield></datafield><datafield ind1=" " ind2=" " tag="040"><subfield code="a">NVK</subfield><subfield code="b">eng</subfield><subfield code="c">NVK</subfield><subfield code="d">DLC</subfield><subfield code="d">OCLCF</subfield><subfield code="d">OCLCO</subfield></datafield><datafield ind1="1" ind2=" " tag="029"><subfield code="a">AU@</subfield><subfield code="b">000014197122</subfield></datafield><datafield ind1=" " ind2=" " tag="042"><subfield code="a">msc</subfield></datafield><datafield ind1="0" ind2="4" tag="245"><subfield code="a">The Alexandria port packet.</subfield></datafield><datafield ind1="1" ind2=" " tag="246"><subfield code="i">Published occasionally as the:</subfield><subfield code="a">Alexandria packet</subfield></datafield><datafield ind1=" " ind2=" " tag="260"><subfield code="a">Alexandria, Va. :</subfield><subfield code="b">T.H., Inc.,</subfield><subfield code="c">1975-1987.</subfield></datafield><datafield ind1=" " ind2=" " tag="300"><subfield code="a">v.</subfield></datafield><datafield ind1=" " ind2=" " tag="310"><subfield code="a">Weekly,</subfield><subfield code="b">May 1977-</subfield></datafield><datafield ind1=" " ind2=" " tag="321"><subfield code="a">Semimonthly,</subfield><subfield code="b">Oct. 1975-Apr. 1977</subfield></datafield><datafield ind1=" " ind2=" " tag="321"><subfield code="a">Monthly,</subfield><subfield code="b">Mar.-Sept. 1975</subfield></datafield><datafield ind1="0" ind2=" " tag="362"><subfield code="a">Vol. 1, no. 1 (Mar. 20, 1975)-v. 13, no. 15 (July 8/14, 1987).</subfield></datafield><datafield ind1=" " ind2=" " tag="500"><subfield code="a">Publisher: Terry Hunner, 1975-1977; Port Packet Corp., 1977-1987; Dominion Newspapers, Inc., 1987.</subfield></datafield><datafield ind1=" " ind2=" " tag="500"><subfield code="a">Editor varies: James W. Coldsmith, 1977-&lt;1986&gt;; Pat Durkin, 1986-1987.</subfield></datafield><datafield ind1=" " ind2="0" tag="651"><subfield code="a">Alexandria (Va.)</subfield><subfield code="v">Newspapers.</subfield></datafield><datafield ind1=" " ind2="7" tag="655"><subfield code="a">Newspapers.</subfield><subfield code="2">fast</subfield><subfield code="0">(OCoLC)fst01423814</subfield></datafield><datafield ind1=" " ind2="7" tag="651"><subfield code="a">Virginia</subfield><subfield code="z">Alexandria.</subfield><subfield code="2">fast</subfield><subfield code="0">(OCoLC)fst01206236</subfield></datafield><datafield ind1=" " ind2=" " tag="752"><subfield code="a">United States</subfield><subfield code="b">Virginia</subfield><subfield code="d">Alexandria.</subfield></datafield><datafield ind1="0" ind2="7" tag="785"><subfield code="t">Alexandria gazette (Alexandria, Va. : 1978)</subfield><subfield code="w">(DLC)sn 8402101</subfield></datafield><datafield ind1="0" ind2="7" tag="785"><subfield code="t">Alexandria gazette packet</subfield><subfield code="w">(DLC)sn 9002142</subfield></datafield></record>